
@inproceedings{van2020scan,
  title={Scan: Learning to classify images without labels},
  author={Van Gansbeke, Wouter and Vandenhende, Simon and Georgoulis, Stamatios and Proesmans, Marc and Van Gool, Luc},
  booktitle={European Conference on Computer Vision},
  pages={268--285},
  year={2020},
  organization={Springer}
}
